@inproceedings{du2017deeplog,
  title={Deeplog: Anomaly detection and diagnosis from system logs through deep learning},
  author={Du, Min and Li, Feifei and Zheng, Guineng and Srikumar, Vivek},
  booktitle={Proceedings of the 2017 ACM SIGSAC conference on computer and communications security},
  pages={1285--1298},
  year={2017}
}

@article{kohyarnejadfard2022anomaly,
  title={Anomaly detection in microservice environments using distributed tracing data analysis and NLP},
  author={Kohyarnejadfard, Iman and Aloise, Daniel and Azhari, Seyed Vahid and Dagenais, Michel R},
  journal={Journal of Cloud Computing},
  volume={11},
  number={1},
  pages={25},
  year={2022},
  publisher={Springer}
}

@article{nobre2023anomaly,
  title={Anomaly Detection in Microservice-Based Systems},
  author={Nobre, Jo{\~a}o and Pires, EJ Solteiro and Reis, Ars{\'e}nio},
  journal={Applied Sciences},
  volume={13},
  number={13},
  pages={7891},
  year={2023},
  publisher={MDPI}
}

@article{zhang2023robust,
  title={Robust failure diagnosis of microservice system through multimodal data},
  author={Zhang, Shenglin and Jin, Pengxiang and Lin, Zihan and Sun, Yongqian and Zhang, Bicheng and Xia, Sibo and Li, Zhengdan and Zhong, Zhenyu and Ma, Minghua and Jin, Wa and others},
  journal={IEEE Transactions on Services Computing},
  volume={16},
  number={6},
  pages={3851--3864},
  year={2023},
  publisher={IEEE}
}
